%% This BibTeX bibliography file was created using BibDesk.
%% http://bibdesk.sourceforge.net/

%% Created for Zarah Wei√ü at 2016-03-01 11:05:32 +0100 


%% Saved with string encoding Unicode (UTF-8) 



@article{robert2016,
	Date-Added = {2016-03-01 10:02:44 +0000},
	Date-Modified = {2016-03-01 10:02:49 +0000}}

@article{metropolis1953,
	Author = {Nicholas Metropolis and Arianna w. Rosenbluth and Marshall N. Rosenbluth and Augusta H. Teller and Edward Teller},
	Date-Added = {2016-03-01 09:59:00 +0000},
	Date-Modified = {2016-03-01 10:01:13 +0000},
	Journal = {Journal of Chemical Physics},
	Keywords = {Metropolis Hastings},
	Number = {6},
	Pages = {1087--1092},
	Title = {Equation of State Calculations by Fast Computing Machines},
	Volume = {21},
	Year = {1953}}

@article{martin2011,
	Author = {Andrew D. Martin and Kevin M. Quinn and Jong Hee Park},
	Date-Added = {2016-03-01 09:57:15 +0000},
	Date-Modified = {2016-03-01 09:58:43 +0000},
	Journal = {Journal of Statistical Software},
	Keywords = {Bayesian inference, Markov Chains, Monte Carlo, MCMC, R},
	Number = {9},
	Pages = {1--21},
	Title = {MCMCpack: Markov Chain Monte Carlo in R},
	Volume = {42},
	Year = {2011}}

@book{liu2001,
	Address = {New York},
	Author = {Jun S. Liu},
	Date-Added = {2016-03-01 09:54:16 +0000},
	Date-Modified = {2016-03-01 09:57:01 +0000},
	Edition = {1},
	Keywords = {MCMC, Markov Chains, Monte Carlos},
	Publisher = {Springer},
	Series = {Springer Series in Statistics},
	Title = {Monte Carlos Strategies in Scientific Computing},
	Year = {2001}}

@article{hastings1970,
	Author = {W. K. Hastings},
	Date-Added = {2016-03-01 09:51:43 +0000},
	Date-Modified = {2016-03-01 09:54:02 +0000},
	Journal = {Biometrika},
	Keywords = {MCMC, Markov Chains, Monte Carlo},
	Number = {1},
	Pages = {97--109},
	Title = {Monte Carlo Sampling Methods Using Markov Chains and Their Applications},
	Volume = {57},
	Year = {1970}}

@book{kruschke2014,
	Address = {Amsterdam},
	Author = {John K. Kruschke},
	Date-Added = {2016-02-29 16:03:16 +0000},
	Date-Modified = {2016-02-29 16:05:43 +0000},
	Edition = {2},
	Keywords = {Bayesian, BDA},
	Publisher = {Elsevier},
	Title = {Doing Bayesian Data Analysis. A Tutorial with R, JAGS, and Stan},
	Year = {2015}}

@book{jackman2009,
	Author = {Simon Jackman},
	Date-Added = {2016-02-29 16:01:08 +0000},
	Date-Modified = {2016-02-29 16:06:14 +0000},
	Keywords = {Bayesian, BDA},
	Publisher = {Wiley Series in Probability and Statistics},
	Title = {Bayesian Analysis for the Social Sciences},
	Year = {2009}}
